<?xml version="1.0" encoding="UTF-8"?>
<record xmlns="http://www.loc.gov/MARC21/slim" xmlns:zs="http://docs.oasis-open.org/ns/search-ws/sruResponse">
 <leader>
  07062cpcaa22011177a 4500
 </leader>
 <controlfield tag="001">
  11810689
 </controlfield>
 <controlfield tag="005">
  20180705164114.0
 </controlfield>
 <controlfield tag="007">
  st ||ndmb||||e
 </controlfield>
 <controlfield tag="008">
  960129i19861986xxu                 eng
 </controlfield>
 <datafield ind1=" " ind2=" " tag="010">
  <subfield code="a">
   2004695156
  </subfield>
 </datafield>
 <datafield ind1=" " ind2=" " tag="035">
  <subfield code="a">
   afc96000026
  </subfield>
 </datafield>
 <datafield ind1=" " ind2=" " tag="906">
  <subfield code="a">
   7
  </subfield>
  <subfield code="b">
   cbc
  </subfield>
  <subfield code="c">
   orignew
  </subfield>
  <subfield code="d">
   1
  </subfield>
  <subfield code="e">
   ncip
  </subfield>
  <subfield code="f">
   19
  </subfield>
  <subfield code="g">
   y-folklife
  </subfield>
 </datafield>
 <datafield ind1=" " ind2=" " tag="955">
  <subfield code="a">
   mfor ?/?/96; shal 10/14/99; kblu 02-09-00; cker 02/16/00; mkru 2004-03-17; mkru 2004-05-26; mkru 2004-09-30; mkru 2004-11-17; mkru 2005-07-12; mkru 2011-08-08; cker 2015-12-15
  </subfield>
  <subfield code="a">
   mkru 2015-12-15
  </subfield>
  <subfield code="a">
   mseg 2017-07-09
  </subfield>
  <subfield code="a">
   mseg 2017-07-11
  </subfield>
  <subfield code="a">
   mkru 2018-03-19
  </subfield>
 </datafield>
 <datafield ind1=" " ind2=" " tag="040">
  <subfield code="a">
   DLC
  </subfield>
  <subfield code="c">
   DLC
  </subfield>
  <subfield code="d">
   DLC
  </subfield>
  <subfield code="e">
   appm
  </subfield>
  <subfield code="d">
   DLC
  </subfield>
 </datafield>
 <datafield ind1="0" ind2=" " tag="041">
  <subfield code="a">
   eng
  </subfield>
  <subfield code="d">
   eng
  </subfield>
  <subfield code="d">
   arm
  </subfield>
  <subfield code="d">
   chi
  </subfield>
  <subfield code="d">
   man
  </subfield>
  <subfield code="d">
   pol
  </subfield>
  <subfield code="d">
   spa
  </subfield>
 </datafield>
 <datafield ind1=" " ind2=" " tag="043">
  <subfield code="a">
   n-us---
  </subfield>
  <subfield code="a">
   e-ur-ai
  </subfield>
  <subfield code="a">
   f-sg---
  </subfield>
 </datafield>
 <datafield ind1=" " ind2=" " tag="090">
  <subfield code="a">
   AFS 24234-24236; AFS 24237-24238; AFS 24295-24298; AFS 24253-24255; AFS 24256-24258; AFS 24291-24293; AFS 24294; AFS 24286; AFS 24289-24290; AFS 24287-24288
  </subfield>
 </datafield>
 <datafield ind1=" " ind2=" " tag="090">
  <subfield code="a">
   RWB 2960-2962; RWB 2963-2964; RWB 3329-3332; RWB 3045-3047; RWB 3040-3042; RWB 3325-3327; RWB 3328; RWB 3320; RWB 3323-3324; RWB 3321-3322 (preservation masters)
  </subfield>
 </datafield>
 <datafield ind1=" " ind2=" " tag="090">
  <subfield code="a">
   AFC 1986/037
  </subfield>
 </datafield>
 <datafield ind1="0" ind2="0" tag="245">
  <subfield code="a">
   1986 Neptune Plaza Concert Series collection,
  </subfield>
  <subfield code="f">
   1986 /
  </subfield>
  <subfield code="c">
   sponsored by the American Folklife Center ; assisted by the National Council for the Traditional Arts.
  </subfield>
 </datafield>
 <datafield ind1="0" ind2=" " tag="246">
  <subfield code="a">
   American Folklife Center concert, 1986
  </subfield>
 </datafield>
 <datafield ind1=" " ind2=" " tag="260">
  <subfield code="c">
   1986.
  </subfield>
 </datafield>
 <datafield ind1=" " ind2=" " tag="300">
  <subfield code="a">
   manuscripts
  </subfield>
  <subfield code="a">
   11
  </subfield>
  <subfield code="f">
   folders.
  </subfield>
 </datafield>
 <datafield ind1=" " ind2=" " tag="300">
  <subfield code="a">
   sound recordings
  </subfield>
  <subfield code="a">
   24 sound tape reels :
  </subfield>
  <subfield code="b">
   analog, 7 1/2 and 15 ips, 2 track, stereo. ;
  </subfield>
  <subfield code="c">
   10 in.
  </subfield>
 </datafield>
 <datafield ind1=" " ind2=" " tag="300">
  <subfield code="a">
   graphic materials
  </subfield>
  <subfield code="a">
   10 photographic prints :
  </subfield>
  <subfield code="b">
   black and white.
  </subfield>
 </datafield>
 <datafield ind1=" " ind2=" " tag="300">
  <subfield code="a">
   graphic materials
  </subfield>
  <subfield code="a">
   315 photographs :
  </subfield>
  <subfield code="b">
   negatives, black and white.
  </subfield>
 </datafield>
 <datafield ind1=" " ind2=" " tag="300">
  <subfield code="a">
   graphic materials
  </subfield>
  <subfield code="a">
   408 slides :
  </subfield>
  <subfield code="b">
   color.
  </subfield>
 </datafield>
 <datafield ind1=" " ind2="0" tag="440">
  <subfield code="a">
   Neptune Plaza concert series
  </subfield>
 </datafield>
 <datafield ind1=" " ind2=" " tag="500">
  <subfield code="a">
   Photographs include black and white negatives, photographic prints, and color slides photographed by John T. Gibbs, Jim Higgins, Reid Baker, and others.
  </subfield>
 </datafield>
 <datafield ind1=" " ind2=" " tag="500">
  <subfield code="a">
   Concert of Chinese music performed on August 21, 1986 has been cataloged separately.
  </subfield>
 </datafield>
 <datafield ind1=" " ind2=" " tag="520">
  <subfield code="a">
   Manuscript materials, sound recordings, photographs, and color slides documenting the performance of bluegrass music, blues music, Armenian music, Senegalese music and dance, Irish music, country music, gospel music, Chinese traditional music and modern compositions, Caribbean music, and Polish music and dance celebrating the Harvest Festival from several regions in Poland. Most concerts were recorded live outdoors on Neptune Plaza in front of the Thomas Jefferson Building, Library of Congress. The concert of Chinese music was recorded in the Coolidge Auditorium, Library of Congress.  The May 22 concert was held in celebration of the tenth anniversary of the Neptune Plaza Concert Series. Concerts were held from April through September 1986, sponsored by the American Folklife Center and the National Council for the Traditional Arts.
  </subfield>
 </datafield>
 <datafield ind1="0" ind2=" " tag="505">
  <subfield code="a">
   April 24: Byron Berline, Dan Crary, and John Hickman (California bluegrass) -- May 1: John Jackson and James Jackson (Blues) -- May 22: Tenth Anniversary Concert, Leo Sarkisian and group, (Armenian) and The Johnson Mountain Boys (Bluegrass) -- June 5: Djimo Kouyate African Griot Tradition (Senegalese) -- June 19: The Irish Tradition (Irish) -- July 17: The Blue Ridge Mountain Boys String Band (Old-time music) -- August 7: Pearl Williams-Jones and the Kings of Harmony (Gospel) -- August 21: Chinese traditional and folk music (Chinese sizhu chamber music) -- September 18: María y sus Magníficos (Caribbean) -- September 25: Dawne Tańce and Tom Brzostowski (Polish).
  </subfield>
 </datafield>
 <datafield ind1="8" ind2=" " tag="524">
  <subfield code="a">
   1986 Neptune Plaza Concert Series collection (AFC 1986/037), Archive of Folk Culture, American Folklife Center, Library of Congress, Washington, D.C.
  </subfield>
 </datafield>
 <datafield ind1="1" ind2=" " tag="506">
  <subfield code="a">
   Collection is open for research; access restrictions may apply, some materials may be stored offsite. To request materials, please contact the Folklife Reading Room at
  </subfield>
  <subfield code="u">
   http://hdl.loc.gov/loc.afc/folklife.contact
  </subfield>
 </datafield>
 <datafield ind1=" " ind2=" " tag="540">
  <subfield code="a">
   Duplication of the recorded materials may be governed by copyright and other restrictions.
  </subfield>
 </datafield>
 <datafield ind1=" " ind2=" " tag="546">
  <subfield code="3">
   Manuscripts
  </subfield>
  <subfield code="a">
   in English.
  </subfield>
 </datafield>
 <datafield ind1=" " ind2=" " tag="546">
  <subfield code="3">
   Sound recordings
  </subfield>
  <subfield code="a">
   in Armenian, Chinese, English, Malinka, Polish, and Spanish.
  </subfield>
 </datafield>
 <datafield ind1="0" ind2=" " tag="555">
  <subfield code="a">
   Finding aid available in the Folklife Reading Room and online
  </subfield>
  <subfield code="u">
   http://hdl.loc.gov/loc.afc/eadafc.af011013
  </subfield>
 </datafield>
 <datafield ind1=" " ind2="0" tag="650">
  <subfield code="a">
   Folk music
  </subfield>
  <subfield code="z">
   United States.
  </subfield>
 </datafield>
 <datafield ind1=" " ind2="0" tag="650">
  <subfield code="a">
   Folk music
  </subfield>
  <subfield code="z">
   Armenia.
  </subfield>
 </datafield>
 <datafield ind1=" " ind2="0" tag="650">
  <subfield code="a">
   Music
  </subfield>
  <subfield code="z">
   Senegal.
  </subfield>
 </datafield>
 <datafield ind1=" " ind2="0" tag="650">
  <subfield code="a">
   Kora music
  </subfield>
  <subfield code="z">
   Senegal.
  </subfield>
 </datafield>
 <datafield ind1=" " ind2="0" tag="650">
  <subfield code="a">
   Blues (Music)
  </subfield>
  <subfield code="z">
   Virginia.
  </subfield>
 </datafield>
 <datafield ind1=" " ind2="0" tag="650">
  <subfield code="a">
   Blues (Music)
  </subfield>
  <subfield code="y">
   1981-1990.
  </subfield>
 </datafield>
 <datafield ind1=" " ind2="0" tag="650">
  <subfield code="a">
   Blues (Music)
  </subfield>
  <subfield code="z">
   Piedmont (U.S. : Region)
  </subfield>
 </datafield>
 <datafield ind1=" " ind2="0" tag="650">
  <subfield code="a">
   Bluegrass music
  </subfield>
  <subfield code="z">
   California.
  </subfield>
 </datafield>
 <datafield ind1=" " ind2="0" tag="650">
  <subfield code="a">
   Bluegrass music
  </subfield>
  <subfield code="z">
   Virginia.
  </subfield>
 </datafield>
 <datafield ind1=" " ind2="0" tag="650">
  <subfield code="a">
   Bluegrass music
  </subfield>
  <subfield code="y">
   1981-1990.
  </subfield>
 </datafield>
 <datafield ind1=" " ind2="0" tag="650">
  <subfield code="a">
   Gospel music
  </subfield>
  <subfield code="z">
   Washington (D.C.)
  </subfield>
 </datafield>
 <datafield ind1=" " ind2="0" tag="650">
  <subfield code="a">
   Folk music
  </subfield>
  <subfield code="z">
   Ireland.
  </subfield>
 </datafield>
 <datafield ind1=" " ind2="0" tag="650">
  <subfield code="a">
   Dance
  </subfield>
  <subfield code="z">
   Senegal.
  </subfield>
 </datafield>
 <datafield ind1=" " ind2="0" tag="650">
  <subfield code="a">
   Dance
  </subfield>
  <subfield code="z">
   Africa, West.
  </subfield>
 </datafield>
 <datafield ind1=" " ind2="0" tag="650">
  <subfield code="a">
   Country music.
  </subfield>
 </datafield>
 <datafield ind1=" " ind2="0" tag="650">
  <subfield code="a">
   Old-time music
  </subfield>
  <subfield code="z">
   Virginia.
  </subfield>
 </datafield>
 <datafield ind1=" " ind2="0" tag="650">
  <subfield code="a">
   String band music
  </subfield>
  <subfield code="z">
   Virginia.
  </subfield>
 </datafield>
 <datafield ind1=" " ind2="0" tag="650">
  <subfield code="a">
   Folk dancing
  </subfield>
  <subfield code="z">
   Poland.
  </subfield>
 </datafield>
 <datafield ind1=" " ind2="0" tag="650">
  <subfield code="a">
   Folk music
  </subfield>
  <subfield code="z">
   Poland.
  </subfield>
 </datafield>
 <datafield ind1=" " ind2="0" tag="650">
  <subfield code="a">
   Folk music
  </subfield>
  <subfield code="z">
   China.
  </subfield>
 </datafield>
 <datafield ind1=" " ind2="0" tag="650">
  <subfield code="a">
   Music
  </subfield>
  <subfield code="z">
   Caribbean Area.
  </subfield>
 </datafield>
 <datafield ind1=" " ind2="0" tag="650">
  <subfield code="a">
   Irish Americans
  </subfield>
  <subfield code="v">
   Music.
  </subfield>
 </datafield>
 <datafield ind1=" " ind2="0" tag="650">
  <subfield code="a">
   Armenian Americans
  </subfield>
  <subfield code="v">
   Music.
  </subfield>
 </datafield>
 <datafield ind1=" " ind2="0" tag="650">
  <subfield code="a">
   Chinese
  </subfield>
  <subfield code="z">
   United States
  </subfield>
  <subfield code="v">
   Music.
  </subfield>
 </datafield>
 <datafield ind1=" " ind2="0" tag="650">
  <subfield code="a">
   Polish Americans
  </subfield>
  <subfield code="v">
   Music.
  </subfield>
 </datafield>
 <datafield ind1=" " ind2="0" tag="650">
  <subfield code="a">
   African Americans
  </subfield>
  <subfield code="v">
   Music.
  </subfield>
 </datafield>
 <datafield ind1=" " ind2="7" tag="655">
  <subfield code="a">
   Sound recordings.
  </subfield>
  <subfield code="2">
   aat
  </subfield>
 </datafield>
 <datafield ind1=" " ind2="7" tag="655">
  <subfield code="a">
   Manuscripts.
  </subfield>
  <subfield code="2">
   aat
  </subfield>
 </datafield>
 <datafield ind1=" " ind2="7" tag="655">
  <subfield code="a">
   Photographic prints.
  </subfield>
  <subfield code="2">
   aat
  </subfield>
 </datafield>
 <datafield ind1=" " ind2="7" tag="655">
  <subfield code="a">
   Color slides.
  </subfield>
  <subfield code="2">
   aat
  </subfield>
 </datafield>
 <datafield ind1="1" ind2=" " tag="700">
  <subfield code="a">
   Berline, Byron,
  </subfield>
  <subfield code="e">
   performer.
  </subfield>
 </datafield>
 <datafield ind1="1" ind2=" " tag="700">
  <subfield code="a">
   Crary, Dan,
  </subfield>
  <subfield code="e">
   performer.
  </subfield>
 </datafield>
 <datafield ind1="1" ind2=" " tag="700">
  <subfield code="a">
   Hickman, John,
  </subfield>
  <subfield code="e">
   performer.
  </subfield>
 </datafield>
 <datafield ind1="1" ind2=" " tag="700">
  <subfield code="a">
   Liang, David Mingyue,
  </subfield>
  <subfield code="d">
   1941-
  </subfield>
  <subfield code="e">
   performer.
  </subfield>
 </datafield>
 <datafield ind1="1" ind2=" " tag="700">
  <subfield code="a">
   Pan, Huizhu,
  </subfield>
  <subfield code="e">
   performer.
  </subfield>
 </datafield>
 <datafield ind1="1" ind2=" " tag="700">
  <subfield code="a">
   Yeh, Chen-Feng,
  </subfield>
  <subfield code="e">
   performer.
  </subfield>
 </datafield>
 <datafield ind1="1" ind2=" " tag="700">
  <subfield code="a">
   Tang, Liangshan,
  </subfield>
  <subfield code="e">
   performer.
  </subfield>
 </datafield>
 <datafield ind1="1" ind2=" " tag="700">
  <subfield code="a">
   Jackson, John,
  </subfield>
  <subfield code="d">
   1924-2002,
  </subfield>
  <subfield code="e">
   performer.
  </subfield>
 </datafield>
 <datafield ind1="1" ind2=" " tag="700">
  <subfield code="a">
   Jackson, James,
  </subfield>
  <subfield code="d">
   1961-
  </subfield>
  <subfield code="e">
   performer.
  </subfield>
 </datafield>
 <datafield ind1="1" ind2=" " tag="700">
  <subfield code="a">
   Sarkisian, Leo,
  </subfield>
  <subfield code="d">
   1921-
  </subfield>
  <subfield code="e">
   performer.
  </subfield>
 </datafield>
 <datafield ind1="1" ind2=" " tag="700">
  <subfield code="a">
   Kouyate, Djimo,
  </subfield>
  <subfield code="e">
   performer.
  </subfield>
 </datafield>
 <datafield ind1="1" ind2=" " tag="700">
  <subfield code="a">
   Williams-Jones, Pearl,
  </subfield>
  <subfield code="d">
   1931-1991,
  </subfield>
  <subfield code="e">
   performer.
  </subfield>
 </datafield>
 <datafield ind1="1" ind2=" " tag="700">
  <subfield code="a">
   Brzostowski, Tom,
  </subfield>
  <subfield code="e">
   performer.
  </subfield>
 </datafield>
 <datafield ind1="2" ind2=" " tag="710">
  <subfield code="a">
   Johnson Mountain Boys,
  </subfield>
  <subfield code="e">
   performer.
  </subfield>
 </datafield>
 <datafield ind1="2" ind2=" " tag="710">
  <subfield code="a">
   Irish Tradition (Musical group),
  </subfield>
  <subfield code="e">
   performer.
  </subfield>
 </datafield>
 <datafield ind1="2" ind2=" " tag="710">
  <subfield code="a">
   María y sus Magníficos (Musical group),
  </subfield>
  <subfield code="e">
   performer.
  </subfield>
 </datafield>
 <datafield ind1="2" ind2=" " tag="710">
  <subfield code="a">
   Blue Ridge Mountain Boys (Musical group),
  </subfield>
  <subfield code="e">
   performer.
  </subfield>
 </datafield>
 <datafield ind1="2" ind2=" " tag="710">
  <subfield code="a">
   Kings of Harmony (Brass ensemble),
  </subfield>
  <subfield code="e">
   performer.
  </subfield>
 </datafield>
 <datafield ind1="2" ind2=" " tag="710">
  <subfield code="a">
   Dawne Tańce Ensemble,
  </subfield>
  <subfield code="e">
   performer.
  </subfield>
 </datafield>
 <datafield ind1="2" ind2=" " tag="710">
  <subfield code="a">
   American Folklife Center,
  </subfield>
  <subfield code="e">
   sponsor.
  </subfield>
 </datafield>
 <datafield ind1="2" ind2=" " tag="710">
  <subfield code="a">
   Archive of Folk Culture (Library of Congress),
  </subfield>
  <subfield code="e">
   collector.
  </subfield>
 </datafield>
 <datafield ind1="2" ind2=" " tag="710">
  <subfield code="a">
   National Council for the Traditional Arts,
  </subfield>
  <subfield code="e">
   sponsor.
  </subfield>
 </datafield>
 <datafield ind1=" " ind2=" " tag="852">
  <subfield code="a">
   Library of Congress
  </subfield>
  <subfield code="b">
   Archive of Folk Culture, American Folklife Center,
  </subfield>
  <subfield code="e">
   101 Independence Ave. S.E., Washington, DC USA 20540-4610
  </subfield>
  <subfield code="u">
   http://hdl.loc.gov/loc.afc/folklife.home
  </subfield>
 </datafield>
 <datafield ind1="4" ind2="2" tag="856">
  <subfield code="3">
   Finding aid
  </subfield>
  <subfield code="u">
   http://hdl.loc.gov/loc.afc/eadafc.af011013
  </subfield>
 </datafield>
 <datafield ind1=" " ind2=" " tag="985">
  <subfield code="a">
   AFC/1986 Neptune Plaza
  </subfield>
  <subfield code="e">
   DHC
  </subfield>
 </datafield>
 <datafield ind1=" " ind2=" " tag="985">
  <subfield code="a">
   afc/ead
  </subfield>
 </datafield>
 <datafield ind1=" " ind2=" " tag="985">
  <subfield code="a">
   afc/coll
  </subfield>
 </datafield>
 <datafield ind1=" " ind2=" " tag="985">
  <subfield code="a">
   afc/event
  </subfield>
 </datafield>
</record>
